@article{Tenzer2012,
author = {Tenzer, Robert and Gladkikh, Vladislav and Nov{\'{a}}k, Pavel and Vajda, Peter},
doi = {10.1007/s10712-012-9173-3},
issn = {01693298},
journal = {Surveys in Geophysics},
number = {5},
pages = {817--839},
title = {{Spatial and Spectral Analysis of Refined Gravity Data for Modelling the Crust-Mantle Interface and Mantle-Lithosphere Structure}},
volume = {33},
year = {2012}
}

@article{Tenzer2009,
author = {Tenzer, Robert and Hamayun, K. and Vajda, Peter},
doi = {10.1029/2008JB006016},
journal = {Journal of Geophysical Research: Solid Earth},
number = {5},
pages = {1--10},
title = {{Global maps of the CRUST 2.0 crustal components stripped gravity disturbances}},
volume = {114},
year = {2009}
}

@article{Sjoberg2013,
author = {Sj{\"{o}}berg, Lars E.},
doi = {10.1093/gji/ggt008},
journal = {Geophysical Journal International},
number = {3},
pages = {1277--1282},
title = {{On the isostatic gravity anomaly and disturbance and their applications to vening meinesz-moritz gravimetric inverse problem}},
volume = {193},
year = {2013}
}

@article{Hinze2003,
author = {Hinze, William J},
doi = {10.1190/1.1620629},
journal = {GEOPHYSICS},
number = {5},
pages = {1559--1560},
title = {{Bouguer reduction density, why 2.67?}},
volume = {68},
year = {2003}
}

@article{Hinze2005,
author = {Hinze, William J and Aiken, Carlos and Brozena, John and Coakley, Bernard and Dater, David and Flanagan, Guy and Forsberg, Rene and Hildenbrand, Thomas and Keller, G Randy and Kellogg, James and Kucks, Robert and Li, Xiong and Mainville, Andre and Morin, Robert and Pilkington, Mark and Plouff, Donald and Ravat, Dhananjay and Roman, Daniel and Urrutia-fucugauchi, Jamie and Webring, Michael and Winester, Daniel and Marc, V},
doi = {10.1190/1.1988183},
number = {4},
pages = {25--32},
title = {{New standards for reducing gravity data : The North American gravity database}},
volume = {70},
year = {2005}
}

@article{Vajda2008,
author = {Vajda, Peter and Ellmann, Artu and Meurers, Bruno and Van{\'{i}}{\v{c}}ek, P. and Nov{\'{a}}k, P. and Tenzer, R.},
doi = {10.1007/s11200-008-0003-5},
journal = {Studia Geophysica et Geodaetica},
number = {1},
pages = {19--34},
title = {{Global ellipsoid-referenced topographic, bathymetric and stripping corrections to gravity disturbance}},
volume = {52},
year = {2008}
}

@article{Afonso2013,
author = {Afonso, Juan Carlos and Fullea, Javier and Yang, Yingjie and Connolly, J.A.D. and Jones, A.G.},
doi = {10.1002/jgrb.50123},
journal = {Journal of Geophysical Research: Solid Earth},
number = {4},
pages = {1650--1676},
title = {{3-D multi-observable probabilistic inversion for the compositional and thermal structure of the lithosphere and upper mantle. II: General methodology and resolution analysis}},
url = {http://doi.wiley.com/10.1002/jgrb.50123},
volume = {118},
year = {2013}
}

@article{Root2017,
author = {Root, B. C. and Ebbing, J. and van der Wal, W. and England, R. W. and Vermeersen, L. L.A.},
doi = {10.1093/gji/ggw483},
journal = {Geophysical Journal International},
number = {3},
pages = {1796--1810},
title = {{Comparing gravity-based to seismic-derived lithosphere densities: A case study of the British Isles and surrounding areas}},
volume = {208},
year = {2017}
}

@article{Tesauro2008,
author = {Tesauro, Magdala and Kaban, Mikhail K. and Cloetingh, Sierd A P L},
doi = {10.1029/2007GL032244},
journal = {Geophysical Research Letters},
number = {5},
pages = {1--5},
title = {{EuCRUST-07: A new reference model for the European crust}},
volume = {35},
year = {2008}
}

@article{Grad2009,
author = {Grad, Marek and Tiira, Timo},
doi = {10.1111/j.1365-246X.2008.03919.x},
journal = {Geophysical Journal International},
number = {1},
pages = {279--292},
title = {{The Moho depth map of the European Plate}},
volume = {176},
year = {2009}
}

@article{Molinari2011,
author = {Molinari, Irene and Morelli, Andrea},
doi = {10.1111/j.1365-246X.2011.04940.x},
journal = {Geophysical Journal International},
number = {1},
pages = {352--364},
title = {{EPcrust: A reference crustal model for the European Plate}},
volume = {185},
year = {2011}
}

@book{Aster2018,
  title = {Parameter Estimation and Inverse Problems},
  author = {ARichard C. Aster and Brian Borchers and Clifford H. Thurber},
  edition = {2},
  isbn = {978-0-12-385048-5},
  publisher = {Elsevier Science},
  doi = {10.1016/C2009-0-61134-X},
  year = {2013},
  pagetotal = {376},
  language = {English}
}

@techreport{Barthelmes2013,
address = {Potsdam},
author = {Barthelmes, Franz},
doi = {10.2312/GFZ.b103-0902-26},
institution = {GFZ},
title = {{Definition of Functionals of the Geopotential and Their Calculation from Spherical Harmonic Models, Scientific Technical Report STR09/02, Revised Edition}},
url = {http://icgem.gfz-potsdam.de/str-0902-revised.pdf},
year = {2013}
}

@book{HofmannWellenhof2006,
author = {Hofmann-Wellenhof, Bernhard and Moritz, Helmut},
doi = {10.1007/978-3-211-33545-1},
isbn = {978-3-211-33544-4},
publisher = {Springer Vienna},
title = {{Physical Geodesy}},
url = {http://link.springer.com/10.1007/978-3-211-33545-1},
year = {2006}
}

@article{Hackney2003,
author = {Hackney, R. I. and Featherstone, W. E.},
doi = {10.1046/j.1365-246X.2003.01941.x},
journal = {Geophysical Journal International},
number = {1},
pages = {35--43},
title = {{Geodetic versus geophysical perspectives of the 'gravity anomaly'}},
volume = {154},
year = {2003}
}

@article{Vajda2007,
author = {Vajda, Peter and Van{\'{i}}{\v{c}}ek, P. and Nov{\'{a}}k, P. and Tenzer, R. and Ellmann, Artu},
doi = {10.1029/2006JB004470},
journal = {Journal of Geophysical Research: Solid Earth},
number = {6},
pages = {1--11},
title = {{Secondary indirect effects in gravity anomaly data inversion or interpretation}},
volume = {112},
year = {2007}
}

@article{Vajda2006,
author = {Vajda, Peter and Van{\'{i}}{\v{c}}ek, P. and Meurers, Bruno},
doi = {10.1007/s11200-006-0012-1},
journal = {Studia Geophysica et Geodaetica},
number = {2},
pages = {189--216},
title = {{A new physical foundation for anomalous gravity}},
volume = {50},
year = {2006}
}

@article{Vanicek2004,
author = {Van{\'{i}}{\v{c}}ek, P. and Tenzer, R. and Sj{\"{o}}berg, L. E. and Martinec, Z. and Featherstone, W. E.},
doi = {10.1111/j.1365-246X.2004.02435.x},
journal = {Geophysical Journal International},
number = {2},
pages = {460--472},
title = {{New views of the spherical Bouguer gravity anomaly}},
volume = {159},
year = {2004}
}

@article{Somigliana1929,
  title = {Teoria generale del campo gravitazionale dell'ellissoide di rotazione},
  author = {Somigliana, Carlo},
  journal = {Memorie della societ{\`a} astronomica italiana},
  volume = {4},
  pages = {425},
  year = {1929},
  language = {In Italian}
}

@article{Meurers1992,
  title = {Untersuchungen zur Bestimmung und Analyse des Schwerefeldes im Hochgebirge am Beispiel der Ostalpen: {\"O}sterreichische Beitr{\"a}ge zu Meteorologie und Geophysik},
  author = {Meurers, Bruno},
  year = {1992},
  publisher = {Zentralanstalt f{\"u}r Meteorologie und Geodynamik (ZAMG, Wien)},
  volume = {6},
  pages = {146},
  journal = {Österr. Beitr. Met. Geoph.},
  language = {In German}
}

@article{Mikuska2006,
author = {Miku{\v{s}}ka, J{\'{a}}n and Pa{\v{s}}teka, Roman and Maru{\v{s}}iak, Ivan},
doi = {10.1190/1.2338333},
journal = {Geophysics},
number = {6},
pages = {J59--J69},
title = {{Estimation of distant relief effect in gravimetry}},
volume = {71},
year = {2006}
}

@article{Tscherning1981,
author= {Tscherning, CC and Sünkel, H},
journal = {Manuscripta Geodaetica},
number = {6},
pages = {131--156},
title = {A method for the construction of spheroidal mass distributions consistent with the harmonic part of the Earth’s gravity potential},
year = {1981}
}

@article{Dziewonski1981,
title = {Preliminary reference Earth model},
journal = {Physics of the Earth and Planetary Interiors},
volume = {25},
number = {4},
pages = {297 - 356},
year = {1981},
doi = {10.1016/0031-9201(81)90046-7},
author = {Adam M. Dziewonski and Don L. Anderson}
}
